%%% Biber accepts '%' for marking comments
%%%--------- BOOK ----------
@book{rolls_haber_2020,
    isbn = {1484251644},
    year={2020},
    title={Identity attack vectors: Implementing an effective identity and Access Management Solution}, 
    publisher={Apress}, 
    author={Rolls, Darran and Haber, Morey J.}
} 

@book{TsolkasAlexander2010RuB:,
    isbn = {9783834812438},
    year = {2010},
    title = {Rollen und Berechtigungskonzepte : Ansätze für das Identity- und Access-Management im Unternehmen},
    author = {Tsolkas, Alexander}
}

@book{KohneAndreas2016DI:D,
    isbn = {9783658159313},
    year = {2016},
    title = {Die IT-Fabrik : Der Weg zum automatisierten IT-Betrieb},
    author = {Kohne, Andreas}
}

@book{BeardBradley2018BBaR,
    isbn = {1-4842-3456-1},
    year = {2018},
    title = {Beginning Backup and Restore for SQL Server - Data Loss Management and Prevention Techniques},
    author = {Beard, Bradley}
}

@book{SheikhAhmedF2020CSCS,
    isbn = {9781484262344},
    year = {2020},
    title = {CompTIA Security+ Certification Study Guide : Network Security Essentials},
    author = {Sheikh Ahmed}
}

@book{SchwenkJörg2020SuKi,
    isbn = {3-658-29260-1},
    year = {2020},
    title = {Sicherheit und Kryptographie im Internet : Theorie und Praxis},
    author = {Schwenk, Jörg}
}

@book{2022C,
    isbn = {3-658-36243-X},
    year = {2022},
    title = {Cyber-Sicherheit},
    publisher = {Springer Fachmedien Wiesbaden},
    author = {Pohlmann, Norbert}
}

@book{MehtaDeep2021SCSG,
    isbn = {9781484266694},
    year = {2021},
    title = {Splunk Certified Study Guide : Prepare for the User, Power User, and Enterprise Admin Certifications},
    author = {Mehta, Deep},
    }

@book{HaberMoreyJ2018AAV:,
    isbn = {1-4842-3627-0},
    year = {2018},
    title = {Asset Attack Vectors : Building Effective Vulnerability Management Strategies to Protect Organizations},
    author = {Haber, Morey J},
}

@book{morris_2021,
    isbn = {1098114671},
    year={2021},
    title={Infrastructure as code: Dynamic Systems for the cloud age}, 
    publisher={O'REILLY MEDIA}, 
    author={MORRIS, KIEF}
    
} 

@book{DuttaNitul2021CS,
    series = {Studies in Computational Intelligence Ser. ;},
    isbn = {981-16-6597-4},
    year = {2021},
    title = {Cyber Security.},
    language = {eng},
    author = {Dutta, Nitul},
}

@book{FalkMichael2012IidC,
    isbn = {9783834939883},
    year = {2012},
    title = {IT-Compliance in der Corporate Governance : Anforderungen und Umsetzung},
    language = {ger},
    author = {Falk, Michael},
    keywords = {Economics},
}

@book{JohannsenWolfgang2011RfI:,
    isbn = {9783898646161},
    year = {2011},
    title = {Referenzmodelle für IT-Governance : methodische Unterstützung der Unternehmens-IT mit COBIT, ITIL und Co},
    edition = {2., aktualisierte und erw. Aufl..},
    language = {ger},
    author = {Johannsen, Wolfgang},
    keywords = {Informationsmanagement ; Corporate Governance},
}

@book{hauschka, 
    place={München}, title={Corporate compliance handbuch der haftungsvermeidung im Unternehmen}, publisher={C.H. Beck}, author={Hauschka, Christoph E. and Moosmayer, Klaus and Lösler, Thomas and Beller, Sebastian and Besch, Christoph and Brandt, Jochen and Brieger, Daniel and Brouwer, Tobias and Buchert, Rainer and Buck-Heeb, Petra and et al.}, year={2016}
} 

%%%--------- ARTICLE ----------
@article{könig_kugel_2019, 
    title={DevOps—Welcome to the Jungle}, 
    volume={56}, 
    DOI={10.1365/s40702-019-00507-8}, 
    number={2}, 
    journal={HMD Praxis der Wirtschaftsinformatik}, 
    author={König, Georgia and Kugel, René}, 
    year={2019}, 
    pages={289–300}
}

%%%--------- ONLINE ----------
@online{özel_pautz_schmidt_2020, 
    title={Infrastructure as code}, 
    url={https://link.springer.com/article/10.1365/s40702-020-00657-0}, 
    publisher={Springer Fachmedien Wiesbaden}, 
    author={Özel, Abdullah and Pautz, Tobias and Schmidt, Nikolaus}, 
    urldate={2022-02-28}
} 

@online{Zakrzewsk2019,
	author={Anna Zakrzewski et al},
	title={Global Wealth 2019: Reigniting Radical Growth},
	date={2019},
	url={https://www.bcg.com/publications/2019/global-wealth-reigniting-radical-growth},
	urldate={2022-02-28}
}

@online{EY2021,
	author={EY Österreich, Armin Schmitt},
	title={Was macht Banken für Datendiebstahl und Cyberangriffe besonders interessant?},
	date={2021},
	url={https://www.ey.com/de_at/cybersecurity/was-macht-banken-fuer-datendiebstahl-und-cyberangriffe-besonders-interessant},
	urldate={2022-02-28}
}

@online{Presse2019,
	author={Oliver Völkel},
	title={Neue Vorgaben für IT-Sicherheit in Banken},
	url={https://www.diepresse.com/5690299/neue-vorgaben-fuer-it-sicherheit-in-banken},
	urldate={2022-02-28}
}

@online{Bafin2019,
	author={Silke Brüggemann et al},
	title={Aufsicht über Informationssicherheit und Cloud-Computing verlangt europaweite Harmonisierung},
	url={https://www.bafin.de/SharedDocs/Veroeffentlichungen/DE/BaFinPerspektiven/2020/bp_20_1_Brueggemann_Kocatepe.html},
	urldate={2022-02-28}
}

@online{DieBafin,
	author={BaFin},
	title={Die BaFin},
	url={https://www.bafin.de/DE/DieBaFin/diebafin_node.html},
	urldate={2022-02-28}
}

@online{EIOPA,
	author={EIOPA},
	title={Europäische Aufsichtsbehörde für das Versicherungswesen und die betriebliche Altersversorgung (EIOPA)},
	url={https://european-union.europa.eu/institutions-law-budget/institutions-and-bodies/institutions-and-bodies-profiles/eiopa_de},
	urldate={2022-02-28}
}

@online{FMA,
	author={FMA},
	title={Finanzmarktaufsicht},
	url={https://www.bmf.gv.at/themen/finanzmarkt/finanzmarktaufsicht.html},
	urldate={2022-02-28}
}

@online{MaRisk,
	author={Bundesanstalt für Finanzdienstleistungsaufsicht},
	title={MaRisk},
	url={https://www.bafin.de/SharedDocs/Veroeffentlichungen/DE/Rundschreiben/2021/rs_1021_MaRisk_BA.html;jsessionid=4B2D490B277228F280297A24CA1A1BD1.2_cid501?nn=9450904#doc16502162bodyText3},
	urldate={2022-02-28}
}

@online{EBA,
	author={Europäische Bankenaufsicht},
	title={EBA},
	url={https://www.eba.europa.eu/languages/home_de},
	urldate={2022-02-28}
}

@online{ESMA,
	author={European Securities and Markets Authority},
	title={ESMA},
	url={https://european-union.europa.eu/institutions-law-budget/institutions-and-bodies/institutions-and-bodies-profiles/esma_de},
	urldate={2022-02-28}
}

@online{PFR,
	author={PFR Rechtsanwälte},
	title={PFR},
	url={https://www.pfr.at/de/news-medien/news/finanzmarktrecht/eba-leitlinien-zum-management-von-ikt-und-sicherheitsrisiken},
	urldate={2022-02-28}
}

@online{EZB,
	author={EZB},
	title={EZB},
	url={https://www.europaimunterricht.de/eu-ezb},
	urldate={2022-02-28}
}

@online{CROE,
	author={EZB},
	title={CROE},
	url={https://www.ecb.europa.eu/paym/pdf/cons/cyberresilience/Cyber_resilience_oversight_expectations_for_financial_market_infrastructures.pdf},
	urldate={2022-02-28}
}

@online{ENISA,
	author={ENISA},
	title={ENISA},
	url={https://www.enisa.europa.eu},
	urldate={2022-02-28}
}

@online{duden,
	author={Duden},
	title={Best practice},
	url={https://www.duden.de/rechtschreibung/Best_Practice},
	urldate={2022-02-28}
}

@online{mulesoft, 
    title={What is a Single Source of Truth (SSOT)}, 
    url={https://www.mulesoft.com/resources/esb/what-is-single-source-of-truth-ssot}, 
    author={mulesoft.com}, 
    urldate={2022-02-28}
}

@online{kharod_2021, 
    title={7 best practices for creating a high availability infrastructure}, 
    url={https://blogs.sap.com/2021/10/05/7-best-practices-for-creating-a-high-availability-infrastructure/}, 
    author={Kharod, Savan}, 
    year={2021},
    urldate={2022-02-28}
} 

@online{geißler_2019, 
    title={Was Ist Skalierbarkeit?}, 
    url={https://www.datacenter-insider.de/was-ist-skalierbarkeit-a-852037/}, 
    publisher={DataCenter-Insider}, 
    author={Geißler, Otto},
    urldate={2022-02-28}
} 

@online {le-quoc_2015, 
    title={Datadog}, 
    url={https://www.datadoghq.com/blog/monitoring-101-collecting-data/}, 
    author={Le-Quoc, Alexis}, 
    urldate={2022-02-28}
} 

@online{ashutosh_nivedita_2022, 
    title={Top seven logging and monitoring best practices: Synopsys},
    url={https://www.synopsys.com/blogs/software-security/logging-and-monitoring-best-practices/},
    author={Ashutosh, Rana and Nivedita, Murthy},
    urldate={2022-02-28}
} 

@online{redhat,
    title={Was ist patch-management und Automatisierung},
    url={https://www.redhat.com/de/topics/management/what-patch-management-and-automation},
    urldate={2022-02-28},
    author={RedHat}
} 

@misc{anexia_blog_2022,
    title={Die 3 besten backup Strategien für Deine Datensicherung},
    url={https://anexia.com/blog/de/die-3-besten-backup-strategien-fuer-deine-datensicherung/},
    urldate={2022-02-28}
} 

@online{ionos_digitalguide, 
    title={VLAN - was ist ein virtual local area network?},
    url={https://www.ionos.at/digitalguide/server/knowhow/vlan-grundlagen/},
    urldate={2022-02-28}
} 

@online{the_bristol_group_deutschland_gmbh_2021, 
    title={Netzwerksegmentierung - Ein UNTERSCHÄTZTES instrument in der it-sicherheit teil 2}, url={https://www.bristol.de/netzwerksegmentierung-ein-unterschaetztes-instrument-in-der-it-sicherheit-teil-2/}, 
    journal={THE BRISTOL GROUP Deutschland GmbH}, 
    urldate={2022-02-28}
} 

@online{sandata_2022, 
    title={Was IST Network Access Control (NAC)?}, 
    url={https://www.sandata.net/main.asp?VID=1&amp;Kat1=123&amp;Kat2=807&amp;Kat3=727},
    journal={Was ist Network Access Control (NAC)?},
    author={SanData},
    urldate={2022-02-28}
}

@online{rapid7, 
    title={Schwachstellenmanagement-Prozesse und systeme}, 
    url={https://www.rapid7.com/de/cybersecurity-grundlagen/vulnerability-management-and-scanning/}, 
    author={Rapid7},
    urldate={2022-02-28}
} 

@online{NIST, 
    title={Cybersecurity framework}, 
    url={https://www.nist.gov/cyberframework}, 
    author={Nicole.keller@nist.gov}, 
    urldate={2022-02-28}
} 

@online{owasp-CDM,
    title={Owasp Cyber Defense Matrix},
    url={https://owasp.org/www-project-cyber-defense-matrix/},
    urldate={2022-02-28}
} 

@online{fma_österreich_2022, 
    title={Konzession}, 
    url={https://www.fma.gv.at/banken/konzessionierung}, 
    journal={FMA Österreich},
    urldate={2022-02-28}
} 

@online{fma_österreich_2022_Teil2, 
    title={Oenb und FMA haben ihre gemeinsamen schwerpunkte in der Bankenaufsicht für das jahr 2022 definiert}, url={https://www.fma.gv.at/oenb-und-fma-haben-ihre-gemeinsamen-schwerpunkte-in-der-bankenaufsicht-fuer-das-jahr-2022-definiert/}, 
    author={FMA Österreich}, 
    urldate={2022-02-28}
} 

@online{hackernoon_2020, 
    title={What is Everything-as-Code? Examining the Explosion of "as Code" Buzzwords},
    url={https://hackernoon.com/everything-as-code-explained-0ibg32a3}, 
    author={Hacker Noon}, 
    urldate={2022-02-28}
}

@online{hashicorp_policyascode, 
    title={Why Policy as Code?},
    url={https://www.hashicorp.com/blog/why-policy-as-code},
    author={HashiCorp},
    urldate={2022-02-28}
}

@online{openpracticelibrary, 
    title={Everything-as-Code}, 
    url={https://openpracticelibrary.com/practice/everything-as-code/}, 
    author={openpracticellibrary.com}, 
    urldate={2022-02-28}
}

@online{13_merron_2020, 
    title={Deployment Pipelines in software engineering}, 
    url={https://www.bmc.com/blogs/deployment-pipeline}, 
    author={13, May and Merron, Dan}, 
    urldate={2022-02-28}
} 

@online{morris, 
    title={Infrastructure as code},
    url={https://www.oreilly.com/library/view/infrastructure-as-code/9781491924334/ch01.html}, 
    publisher={OReilly Media, Inc.}, 
    author={Morris, Kief},
    urldate={2022-02-28}
} 

@online{dadgar, 
    title={Why policy as code?}, 
    url={https://www.hashicorp.com/blog/why-policy-as-code}, 
    author={Dadgar, Armon},
    urldate={2022-02-28}
} 

@online{ris, 
    title={Bundesrecht Konsolidiert: Gesamte Rechtsvorschrift für Bankwesengesetz, Fassung vom 19.06.2022}, 
    url={https://www.ris.bka.gv.at/GeltendeFassung.wxe?Abfrage=Bundesnormen&Gesetzesnummer=10004827}, 
    author={RIS},
    urldate={2022-02-28}
} 

@online{bafin_rundschreiben, 
    title={Rundschreiben 10/2017 (BA) Bankaufsichtliche Anforderungen an die it (bait)},
    url={https://www.bafin.de/SharedDocs/Downloads/DE/Rundschreiben/dl_rs_1710_ba_BAIT.html}, 
    author={BaFin},
    urldate={2022-02-28}
} 

@online{kwg_gesetze,
    title={Gesetz über das Kreditwesen (kreditwesengesetz - KWG)},
    url={https://www.gesetze-im-internet.de/kredwg/BJNR008810961.html}, 
    urldate={2022-02-28}
} 

@online{BSI_informationstechnik_2021, 
    title={It-grundschutz}, 
    url={https://www.bsi.bund.de/DE/Themen/Unternehmen-und-Organisationen/Standards-und-Zertifizierung/IT-Grundschutz/it-grundschutz_node.html}, 
    urldate={2022-02-28}
} 

@online{tuev_austria_2022, 
    title={Informationssicherheits-Zertifizierung: ISO 27001}, 
    url={https://www.tuv.at/iso27001}, 
    urldate={2022-02-28}
} 

@online{eba_leitlinien_konvergenzkriterien, 
    title={Eba-Leitlinien und Andere Konvergenzinstrumente}, 
    url={https://www.fma.gv.at/eu/eba-leitlinien-und-andere-konvergenzinstrumente}, 
    journal={FMA Österreich}, 
    year={2021}, month={01}
} 

@online{european_banking_authority_2019, 
    title={ESAS publish joint advice on information and Communication Technology Risk Management and Cybersecurity}, 
    url={https://www.eba.europa.eu/esas-publish-joint-advice-on-information-and-communication-technology-risk-management-and-cybersecurity}, 
    urldate={2022-02-28}
} 

@online{datenschutzbehörde, 
    title={Datenschutzrecht in österreich}, 
    url={https://www.dsb.gv.at/recht-entscheidungen/gesetze-in-oesterreich.html}, 
    urldate={2022-02-28}
} 

@online{owasp_cyber_defense_matrix, 
    title={Owasp Cyber Defense Matrix}, 
    url={https://owasp.org/www-project-cyber-defense-matrix/}, 
    urldate={2022-02-28}
} 

@online{eba_final_draft, 
    url={https://www.eba.europa.eu/sites/default/documents/files/documents/10180/2522896/32a28233-12f5-49c8-9bb5-f8744ccb4e92/Final\%20Guidelines\%20on\%20ICT\%20and\%20security\%20risk\%20management.pdf},
    urldate={2022-02-28}
} 

@online{eba_outsourcing_arrangements, 
    url={https://www.eba.europa.eu/sites/default/documents/files/documents/10180/2551996/38c80601-f5d7-4855-8ba3-702423665479/EBA\%20revised\%20Guidelines\%20on\%20outsourcing\%20arrangements.pdf?retry=1},
    urldate={2022-02-28}
} 

@online{eba_risk_assessment, 
    title={Guidelines on ICT risk assessment under the SREP}, 
    url={https://www.eba.europa.eu/regulation-and-policy/supervisory-review-and-evaluation-srep-and-pillar-2/guidelines-on-ict-risk-assessment-under-the-srep}, 
    urldate={2022-02-28}
} 

@online{eba_internet_security, 
    url={https://www.eba.europa.eu/sites/default/documents/files/documents/10180/934179/f27bf266-580a-4ad0-aaec-59ce52286af0/EBA-GL-2014-12\%20\%28Guidelines\%20on\%20the\%20security\%20of\%20internet\%20payments\%29_Rev1.pdf},
    urldate={2022-02-28}
} 

@online{Eiopa_guideline, 
    url={https://www.eiopa.europa.eu/sites/default/files/publications/eiopa_guidelines/eiopa-bos-20-600-guidelines-ict-security-and-governance.pdf},
    urldate={2022-02-28}
} 

@online{ESMA_Cloud, 
    url={https://www.esma.europa.eu/sites/default/files/library/esma_cloud_guidelines_de.pdf},
    urldate={2022-02-28}
} 

@online{FMA_Leitfaden_IT_Sicherheit, 
    url={https://www.fma.gv.at/download.php?d=3597},
    urldate={2022-02-28}
} 

@online{FMA_Leitfaden_IT_Sicherheit_Wertpapier, 
    url={https://www.fma.gv.at\%2Ffma-veroeffentlicht-leitfaeden-zur-it-sicherheit-bei-fonds-verwaltern-und-wertpapierdienstleistern\%2F&usg=AOvVaw31yulqq9Q13K5cv6mtGdCb},
    urldate={2022-02-28}
} 

@online{EU_PSD2, 
    url={https://eur-lex.europa.eu/legal-content/DE/TXT/?uri=CELEX:32018R0389},
    urldate={2022-02-28}
} 

@online{ENISA_Defition_Cybersecurity, 
    url={https://www.enisa.europa.eu/publications/definition-of-cybersecurity},
    urldate={2022-02-28}
} 

@online{Sailpoint_Identity_IQ, 
    url={https://www.sailpoint.com/solutions/identityiq},
    urldate={2022-02-28}
} 

@online{OAUTH2, 
    url={https://oauth.net/2},
    urldate={2022-02-28}
} 

@online{OpenID, 
    url={https://openid.net/connect},
    urldate={2022-02-28}
} 

@online{RedHat_SSO, 
    url={https://access.redhat.com/products/red-hat-single-sign-on},
    urldate={2022-02-28}
} 

@online{GDPR, 
    url={https://gdpr.eu},
    urldate={2022-02-28}
} 

@online{PCIDSS5, 
    url={https://www.pcisecuritystandards.org},
    urldate={2022-02-28}
} 

@online{JSON, 
    url={https://www.json.org/json-de.html},
    urldate={2022-02-28}
} 

@online{netgear, 
    title={Fully managed switches, switches, business und Netgear}, 
    url={https://www.netgear.com/at/business/wired/switches/fully-managed}, 
    urldate={2022-02-28}, 
    author={Netgear}
} 

@online{iainfoulds, 
    title={Active directory domain services overview}, 
    url={https://docs.microsoft.com/en-us/windows-server/identity/ad-ds/get-started/virtual-dc/active-directory-domain-services-overview}, 
    author={Iainfoulds},
    urldate={2022-02-28}
} 

@online{datatracker, 
    title={RFC 8573 - message authentication code for the network time protocol},
    url={https://datatracker.ietf.org/doc/html/rfc8573}, 
    urldate={2022-02-28}
} 


@online{RFC6176, 
    url={https://datatracker.ietf.org/doc/html/rfc6176},
    urldate={2022-06-05}
} 

@online{RFC7568, 
    url={https://datatracker.ietf.org/doc/html/rfc7568},
    urldate={2022-06-05}
} 

@online{RFC5246, 
    url={https://datatracker.ietf.org/doc/html/rfc5246},
    urldate={2022-06-05}
} 

@online{RFC5990, 
    url={https://datatracker.ietf.org/doc/html/rfc5990},
    urldate={2022-06-05}
} 

@online{RFC3447, 
    url={https://datatracker.ietf.org/doc/html/rfc3447},
    urldate={2022-06-05}
} 

@online{TA14-290A, 
    url={https://www.cisa.gov/uscert/ncas/alerts/TA14-290A},
    urldate={2022-06-05}
}

@online{HMAC, 
    url={https://datatracker.ietf.org/doc/html/rfc2104},
    urldate={2022-06-05}
}

@online{X509, 
    url={https://datatracker.ietf.org/doc/html/rfc2459},
    urldate={2022-06-05}
}

@online{RSAPKCS, 
    url={https://datatracker.ietf.org/doc/html/rfc8017},
    urldate={2022-06-05}
}

@online{ELK_Stack, 
    url={https://www.elastic.co/de/elastic-stack},
    urldate={2022-06-05}
}

@online{WEC, 
    url={https://docs.microsoft.com/en-us/windows/win32/wec/windows-event-collector},
    urldate={2022-06-05}
}

@online{CVSS, 
    url={https://nvd.nist.gov/vuln-metrics/cvss},
    urldate={2022-06-05}
}

@online{NIST_Cybersec_Framework, 
    url={https://www.nist.gov/cyberframework},
    urldate={2022-06-05}
}

@online{RSA_Conference, 
    url={https://www.rsaconference.com},
    urldate={2022-06-05}
}

@online{crosman_2020, 
    title={5 ransomware trends that should alarm banks}, 
    url={https://www.americanbanker.com/news/5-ransomware-trends-that-should-alarm-banks}, 
    journal={American Banker}, 
    publisher={American Banker}, 
    author={Crosman, Penny}, 
    year={2020}, 
    month={10}, 
    urldate={2022-06-05}
} 

@online{capital_2022, 
    title={WIE Nick Leeson die barings bank in die pleite ritt}, url={https://www.capital.de/wirtschaft-politik/financial-crimes-die-grossen-betrueger-nick-leeson-barings-bank}, journal={capital.de}, publisher={Capital}, author={Capital}, year={2022}, month={01},
    urldate={2022-06-05}
} 

@online{capital_20222, 
    title={Der Untergang von Worldcom-chef Bernie Ebbers}, url={https://www.capital.de/wirtschaft-politik/der-untergang-von-worldcom-chef-bernie-ebbers}, journal={capital.de}, publisher={Capital}, author={Capital}, year={2022}, month={01},
    urldate={2022-06-05}
} 